@Article{Jallouli_2017,
  author       = {Jallouli, Maryam and Lajmi, Sonia and Amous, Ikram},
  title	       = {Designing Recommender System: Conceptual Framework and Practical Implementation},
  year	       = 2017,
  volume       = 112,
  pages	       = {1701–1710},
  issn	       = {1877-0509},
  doi	       = {10.1016/j.procs.2017.08.195},
  url	       = {http://dx.doi.org/10.1016/j.procs.2017.08.195},
  journal      = {Procedia Computer Science},
  publisher    = {Elsevier BV}
}

@Article{Goetzke_2014,
  author       = {Goetzke, Beate and Nitzko, Sina and Spiller, Achim},
  title	       = {Consumption of organic and functional food. A matter of well-being and health},
  year	       = 2014,
  volume       = 77,
  month	       = {Jun},
  pages	       = {96–105},
  issn	       = {0195-6663},
  doi	       = {10.1016/j.appet.2014.02.012},
  url	       = {http://dx.doi.org/10.1016/j.appet.2014.02.012},
  journal      = {Appetite},
  publisher    = {Elsevier BV}
}

@Article{Jallouli_2017,
  author       = {Jallouli, Maryam and Lajmi, Sonia and Amous, Ikram},
  title	       = {Designing Recommender System: Conceptual Framework and Practical Implementation},
  year	       = 2017,
  volume       = 112,
  pages	       = {1701–1710},
  issn	       = {1877-0509},
  doi	       = {10.1016/j.procs.2017.08.195},
  url	       = {http://dx.doi.org/10.1016/j.procs.2017.08.195},
  journal      = {Procedia Computer Science},
  publisher    = {Elsevier BV}
}

@Article{Isinkaye_2015,
  author       = {Isinkaye, F.O. and Folajimi, Y.O. and Ojokoh, B.A.},
  title	       = {Recommendation systems: Principles, methods and evaluation},
  year	       = 2015,
  volume       = 16,
  number       = 3,
  month	       = {Nov},
  pages	       = {261–273},
  issn	       = {1110-8665},
  doi	       = {10.1016/j.eij.2015.06.005},
  url	       = {http://dx.doi.org/10.1016/j.eij.2015.06.005},
  journal      = {Egyptian Informatics Journal},
  publisher    = {Elsevier BV}
}

@Article{Jannach_2016,
  author       = {Jannach, Dietmar and Resnick, Paul and Tuzhilin, Alexander and Zanker, Markus},
  title	       = {Recommender systems---},
  year	       = 2016,
  volume       = 59,
  number       = 11,
  month	       = {Oct},
  pages	       = {94–102},
  issn	       = {0001-0782},
  doi	       = {10.1145/2891406},
  url	       = {http://dx.doi.org/10.1145/2891406},
  journal      = {Communications of the ACM},
  publisher    = {Association for Computing Machinery (ACM)}
}

@Article{Pathak_2010,
  author       = {Pathak, Bhavik and Garfinkel, Robert and Gopal, Ram D. and Venkatesan, Rajkumar and Yin, Fang},
  title	       = {Empirical Analysis of the Impact of Recommender Systems on Sales},
  year	       = 2010,
  volume       = 27,
  number       = 2,
  month	       = {Oct},
  pages	       = {159–188},
  issn	       = {1557-928X},
  doi	       = {10.2753/mis0742-1222270205},
  url	       = {http://dx.doi.org/10.2753/mis0742-1222270205},
  journal      = {Journal of Management Information Systems},
  publisher    = {Informa UK Limited}
}

@Article{Isinkaye_2015,
  author       = {Isinkaye, F.O. and Folajimi, Y.O. and Ojokoh, B.A.},
  title	       = {Recommendation systems: Principles, methods and evaluation},
  year	       = 2015,
  volume       = 16,
  number       = 3,
  month	       = {Nov},
  pages	       = {261–273},
  issn	       = {1110-8665},
  doi	       = {10.1016/j.eij.2015.06.005},
  url	       = {http://dx.doi.org/10.1016/j.eij.2015.06.005},
  journal      = {Egyptian Informatics Journal},
  publisher    = {Elsevier BV}
}

@Article{10.7838/JSEBS.2012.17.3.085,
  author       = {최재원 and 이홍주},
  title	       = {개인화 추천시스템의 사용자 평가에 대한 통합적 접근 : 시스템 성과와 사용자 태도를 기반으로},
  year	       = 2012,
  volume       = 17,
  number       = 3,
  month	       = 08,
  pages	       = {85-103},
  journal      = {한국전자거래학회지},
  publisher    = {한국전자거래학회}
}

@Article{Son_2015,
  author       = {Son, Jieun and Kim, Seoung Bum and Kim, Hyunjoong and Cho, Sungzoon},
  title	       = {Review and Analysis of Recommender Systems},
  year	       = 2015,
  volume       = 41,
  number       = 2,
  month	       = {Apr},
  pages	       = {185–208},
  issn	       = {1225-0988},
  doi	       = {10.7232/jkiie.2015.41.2.185},
  url	       = {http://dx.doi.org/10.7232/jkiie.2015.41.2.185},
  journal      = {Journal of Korean Institute of Industrial Engineers},
  publisher    = {Korean Institute of Industrial Engineers}
}

@Article{Son_2015,
  author       = {Son, Jieun and Kim, Seoung Bum and Kim, Hyunjoong and Cho, Sungzoon},
  title	       = {Review and Analysis of Recommender Systems},
  year	       = 2015,
  volume       = 41,
  number       = 2,
  month	       = {Apr},
  pages	       = {185–208},
  issn	       = {1225-0988},
  doi	       = {10.7232/jkiie.2015.41.2.185},
  url	       = {http://dx.doi.org/10.7232/jkiie.2015.41.2.185},
  journal      = {Journal of Korean Institute of Industrial Engineers},
  publisher    = {Korean Institute of Industrial Engineers}
}

@Article{Freyne_2010,
  author       = {Freyne, Jill and Berkovsky, Shlomo},
  title	       = {Intelligent food planning},
  year	       = 2010,
  doi	       = {10.1145/1719970.1720021},
  url	       = {http://dx.doi.org/10.1145/1719970.1720021},
  isbn	       = 9781605585154,
  journal      = {Proceedings of the 15th international conference on Intelligent user interfaces - IUI ’10},
  publisher    = {ACM Press}
}

@Article{Teng_2012,
  author       = {Teng, Chun-Yuen and Lin, Yu-Ru and Adamic, Lada A.},
  title	       = {Recipe recommendation using ingredient networks},
  year	       = 2012,
  doi	       = {10.1145/2380718.2380757},
  url	       = {http://dx.doi.org/10.1145/2380718.2380757},
  isbn	       = 9781450312288,
  journal      = {Proceedings of the 3rd Annual ACM Web Science Conference on - WebSci ’12},
  publisher    = {ACM Press}
}

@Article{Ge_2015,
  author       = {Ge, Mouzhi and Elahi, Mehdi and Fernaández-Tobías, Ignacio and Ricci, Francesco and Massimo, David},
  title	       = {Using Tags and Latent Factors in a Food Recommender System},
  year	       = 2015,
  doi	       = {10.1145/2750511.2750528},
  url	       = {http://dx.doi.org/10.1145/2750511.2750528},
  isbn	       = 9781450334921,
  journal      = {Proceedings of the 5th International Conference on Digital Health 2015 - DH ’15},
  publisher    = {ACM Press}
}

@Article{van_Pinxteren_2011,
  author       = {van Pinxteren, Youri and Geleijnse, Gijs and Kamsteeg, Paul},
  title	       = {Deriving a recipe similarity measure for recommending healthful meals},
  year	       = 2011,
  doi	       = {10.1145/1943403.1943422},
  url	       = {http://dx.doi.org/10.1145/1943403.1943422},
  isbn	       = 9781450304191,
  journal      = {Proceedings of the 15th international conference on Intelligent user interfaces - IUI ’11},
  publisher    = {ACM Press}
}

@Article{Yang_2017,
  author       = {Yang, Longqi and Hsieh, Cheng-Kang and Yang, Hongjian and Pollak, John P. and Dell, Nicola and Belongie, Serge and Cole,
                  Curtis and Estrin, Deborah},
  title	       = {Yum-Me},
  year	       = 2017,
  volume       = 36,
  number       = 1,
  month	       = {Jul},
  pages	       = {1–31},
  issn	       = {1046-8188},
  doi	       = {10.1145/3072614},
  url	       = {http://dx.doi.org/10.1145/3072614},
  journal      = {ACM Transactions on Information Systems},
  publisher    = {Association for Computing Machinery (ACM)}
}

@Article{Zoeter_2015,
  author       = {Zoeter, Onno},
  title	       = {Recommendations in Travel},
  year	       = 2015,
  doi	       = {10.1145/2792838.2799500},
  url	       = {http://dx.doi.org/10.1145/2792838.2799500},
  isbn	       = 9781450336925,
  journal      = {Proceedings of the 9th ACM Conference on Recommender Systems - RecSys ’15},
  publisher    = {ACM Press}
}

@Article{Ge_2015,
  author       = {Ge, Mouzhi and Elahi, Mehdi and Fernaández-Tobías, Ignacio and Ricci, Francesco and Massimo, David},
  title	       = {Using Tags and Latent Factors in a Food Recommender System},
  year	       = 2015,
  doi	       = {10.1145/2750511.2750528},
  url	       = {http://dx.doi.org/10.1145/2750511.2750528},
  isbn	       = 9781450334921,
  journal      = {Proceedings of the 5th International Conference on Digital Health 2015 - DH ’15},
  publisher    = {ACM Press}
}

@Article{Ge_2015,
  author       = {Ge, Mouzhi and Elahi, Mehdi and Fernaández-Tobías, Ignacio and Ricci, Francesco and Massimo, David},
  title	       = {Using Tags and Latent Factors in a Food Recommender System},
  year	       = 2015,
  doi	       = {10.1145/2750511.2750528},
  url	       = {http://dx.doi.org/10.1145/2750511.2750528},
  isbn	       = 9781450334921,
  journal      = {Proceedings of the 5th International Conference on Digital Health 2015 - DH ’15},
  publisher    = {ACM Press}
}

@Article{van_Pinxteren_2011,
  author       = {van Pinxteren, Youri and Geleijnse, Gijs and Kamsteeg, Paul},
  title	       = {Deriving a recipe similarity measure for recommending healthful meals},
  year	       = 2011,
  doi	       = {10.1145/1943403.1943422},
  url	       = {http://dx.doi.org/10.1145/1943403.1943422},
  isbn	       = 9781450304191,
  journal      = {Proceedings of the 15th international conference on Intelligent user interfaces - IUI ’11},
  publisher    = {ACM Press}
}

@inproceedings{monti-2018-ensem-approac,
  author =	 {Diego Monti and Enrico Palumbo and Giuseppe Rizzo and Pasquale Lisena and Rapha{\"e}l Troncy and Michael Fell and Elena
                  Cabrio and Maurizio Morisio},
  title =	 {An Ensemble Approach of Recurrent Neural Networks using Pre-Trained Embeddings for Playlist Completion},
  booktitle =	 {Proceedings of the ACM Recommender Systems Challenge 2018 on - RecSys Challenge '18},
  year =	 2018,
  pages =	 {nil},
  doi =		 {10.1145/3267471.3267484},
  url =		 {https://doi.org/10.1145/3267471.3267484},
  DATE_ADDED =	 {Wed May 20 23:18:51 2020},
  month =	 {-},
}

@misc{fi2020predict,
    title={Predict your Click-out: Modeling User-Item Interactions and Session Actions in an Ensemble Learning Fashion},
    author={Andrea Fiandro and Giorgio Crepaldi and Diego Monti and Giuseppe Rizzo and Maurizio Morisio},
    year={2020},
    eprint={2002.03124},
    archivePrefix={arXiv},
    primaryClass={cs.IR}
}

@inproceedings{hu-2008-collab-filter,
  author =	 {Yifan Hu and Yehuda Koren and Chris Volinsky},
  title =	 {Collaborative Filtering for Implicit Feedback Datasets},
  booktitle =	 {2008 Eighth IEEE International Conference on Data Mining},
  year =	 2008,
  pages =	 {nil},
  doi =		 {10.1109/icdm.2008.22},
  url =		 {https://doi.org/10.1109/icdm.2008.22},
  DATE_ADDED =	 {Thu May 21 12:07:17 2020},
  month =	 12,
}

@misc{smith2015cyclical,
    title={Cyclical Learning Rates for Training Neural Networks},
    author={Leslie N. Smith},
    year={2015},
    eprint={1506.01186},
    archivePrefix={arXiv},
    primaryClass={cs.CV}
}